@inbook{inbook,
	author = {Bakker, Arthur},
	year = {2013},	
	month = {08},
	pages = {},
	publisher ={ResearchGate}
	title = {How to write a coherent research paper}
}